%%% ====================================================================
%%%  BibTeX-file{
%%%     author          = "Gerry Murray",
%%%     version         = "1.2",
%%%     date            = "2 April 2012",
%%%     filename        = "acmsmall-sample-bibfile.bib",
%%%     address         = "ACM, NY",
%%%     email           = "murray at hq.acm.org",
%%%     codetable       = "ISO/ASCII",
%%%     keywords        = "ACM Reference Format, bibliography, citation, references",
%%%     supported       = "yes",
%%%     docstring       = "This BibTeX database file contains 'bibdata' entries
%%%                        that 'match' the examples provided in the Specifications Document
%%%                        AND, also, 'legacy'-type bibs. It should assist authors in 
%%%                        choosing the 'correct' at-bibtype and necessary bib-fields
%%%                        so as to obtain the appropriate ACM Reference Format output. 
%%%			   It also contains many 'Standard Abbreviations'. "
%%%  }
%%% ====================================================================

%Entries

## General

@article{lecun2015deep,
  title={Deep learning},
  author={LeCun, Yann and Bengio, Yoshua and Hinton, Geoffrey},
  journal={Nature},
  volume={521},
  number={7553},
  pages={436--444},
  year={2015},
  publisher={Nature Research}
}

@inproceedings{krizhevsky2012imagenet,
  title={Imagenet classification with deep convolutional neural networks},
  author={Krizhevsky, Alex and Sutskever, Ilya and Hinton, Geoffrey E},
  booktitle={Advances in neural information processing systems},
  pages={1097--1105},
  year={2012}
}

@inproceedings{goodfellow2014generative,
  title={Generative adversarial nets},
  author={Goodfellow, Ian and Pouget-Abadie, Jean and Mirza, Mehdi and Xu, Bing and Warde-Farley, David and Ozair, Sherjil and Courville, Aaron and Bengio, Yoshua},
  booktitle={Advances in neural information processing systems},
  pages={2672--2680},
  year={2014}
}

@inproceedings{long2015fully,
  title={Fully convolutional networks for semantic segmentation},
  author={Long, Jonathan and Shelhamer, Evan and Darrell, Trevor},
  booktitle={Proceedings of the IEEE conference on computer vision and pattern recognition},
  pages={3431--3440},
  year={2015}
}

@article{silver2016mastering,
  title={Mastering the game of Go with deep neural networks and tree search},
  author={Silver, David and Huang, Aja and Maddison, Chris J and Guez, Arthur and Sifre, Laurent and Van Den Driessche, George and Schrittwieser, Julian and Antonoglou, Ioannis and Panneershelvam, Veda and Lanctot, Marc and others},
  journal={nature},
  volume={529},
  number={7587},
  pages={484--489},
  year={2016},
  publisher={Nature Research}
}

@inproceedings{likamwa2013energy,
  title={Energy characterization and optimization of image sensing toward continuous mobile vision},
  author={LiKamWa, Robert and Priyantha, Bodhi and Philipose, Matthai and Zhong, Lin and Bahl, Paramvir},
  booktitle={Proceeding of the 11th annual international conference on Mobile systems, applications, and services},
  pages={69--82},
  year={2013},
  organization={ACM}
}

@inproceedings{yang2013chip,
  title={On-chip optical matrix-vector multiplier for parallel computation},
  author={Yang, Lin and Zhang, Lei and Ji, Ruiqiang},
  booktitle={SPIE},
  volume={10},
  number={2.1201306},
  pages={004932},
  year={2013}
}

@article{goodman2008introduction,
  title={Introduction to Fourier optics},
  author={Goodman, Joseph},
  year={2008},
  publisher={McGraw-hill}
}

@book{gibbs2012optical,
  title={Optical bistability: controlling light with light},
  author={Gibbs, Hyatt},
  year={2012},
  publisher={Elsevier}
}

@article{christodoulides2010nonlinear,
  title={Nonlinear refraction and absorption: mechanisms and magnitudes},
  author={Christodoulides, Demetrios N and Khoo, Iam Choon and Salamo, Gregory J and Stegeman, George I and Van Stryland, Eric W},
  journal={Advances in Optics and Photonics},
  volume={2},
  number={1},
  pages={60--200},
  year={2010},
  publisher={Optical Society of America}
}


## CNNS

@article{han2015deep,
  title={Deep compression: Compressing deep neural networks with pruning, trained quantization and huffman coding},
  author={Han, Song and Mao, Huizi and Dally, William J},
  journal={arXiv preprint arXiv:1510.00149},
  year={2015}
}

@article{iandola2016squeezenet,
  title={SqueezeNet: AlexNet-level accuracy with 50x fewer parameters and< 0.5 MB model size},
  author={Iandola, Forrest N and Han, Song and Moskewicz, Matthew W and Ashraf, Khalid and Dally, William J and Keutzer, Kurt},
  journal={arXiv preprint arXiv:1602.07360},
  year={2016}
}

@inproceedings{likamwa2016redeye,
  title={RedEye: analog ConvNet image sensor architecture for continuous mobile vision},
  author={LiKamWa, Robert and Hou, Yunhui and Gao, Julian and Polansky, Mia and Zhong, Lin},
  booktitle={ACM SIGARCH Computer Architecture News},
  volume={44},
  number={3},
  pages={255--266},
  year={2016},
  organization={IEEE Press}
}

@article{saxena1995adaptive,
  title={Adaptive multilayer optical neural network with optical thresholding},
  author={Saxena, Indu and Fiesler, Emile},
  journal={Optical Engineering},
  volume={34},
  number={8},
  pages={2435--2440},
  year={1995}
}


@article{sun2013large,
  title={Large-scale nanophotonic phased array},
  author={Sun, Jie and Timurdogan, Erman and Yaacobi, Ami and Hosseini, Ehsan Shah and Watts, Michael R},
  journal={Nature},
  volume={493},
  number={7431},
  pages={195--199},
  year={2013},
  publisher={Nature Research}
}

@inproceedings{rechtsman2013photonic,
  title={Photonic Floquet topological insulators},
  author={Rechtsman, Mikael C and Zeuner, Julia M and Plotnik, Yonatan and Lumer, Yaakov and Segev, M and Szameit, A},
  booktitle={Lasers and Electro-Optics (CLEO), 2013 Conference on},
  pages={1--2},
  year={2013},
  organization={IEEE}
}

@article{trabelsi2017deep,
  title={Deep Complex Networks},
  author={Trabelsi, Chiheb and Bilaniuk, Olexa and Serdyuk, Dmitriy and Subramanian, Sandeep and Santos, Jo{\~a}o Felipe and Mehri, Soroush and Rostamzadeh, Negar and Bengio, Yoshua and Pal, Christopher J},
  journal={arXiv preprint arXiv:1705.09792},
  year={2017}
}

@article{wu2014optical,
  title={An optical fiber network oracle for NP-complete problems},
  author={Wu, Kan and De Abajo, Javier Garc{\'\i}a and Soci, Cesare and Shum, Perry Ping and Zheludev, Nikolay I},
  journal={Light: Science \& Applications},
  volume={3},
  number={2},
  pages={e147},
  year={2014},
  publisher={Nature Publishing Group}
}

@article{manzur2012optical,
  title={Optical correlator based target detection, recognition, classification, and tracking},
  author={Manzur, Tariq and Zeller, John and Serati, Steve},
  journal={Applied optics},
  volume={51},
  number={21},
  pages={4976--4983},
  year={2012},
  publisher={Optical Society of America}
}

@article{larger2012photonic,
  title={Photonic information processing beyond Turing: an optoelectronic implementation of reservoir computing},
  author={Larger, Laurent and Soriano, Miguel C and Brunner, Daniel and Appeltant, Lennert and Guti{\'e}rrez, Jose M and Pesquera, Luis and Mirasso, Claudio R and Fischer, Ingo},
  journal={Optics express},
  volume={20},
  number={3},
  pages={3241--3249},
  year={2012},
  publisher={Optical Society of America}
}

@article{lin2013network,
  title={Network in network},
  author={Lin, Min and Chen, Qiang and Yan, Shuicheng},
  journal={arXiv preprint arXiv:1312.4400},
  year={2013}
}

@inproceedings{rippel2015spectral,
  title={Spectral representations for convolutional neural networks},
  author={Rippel, Oren and Snoek, Jasper and Adams, Ryan P},
  booktitle={Advances in Neural Information Processing Systems},
  pages={2449--2457},
  year={2015}
}

@article{gruev2002implementation,
  title={Implementation of steerable spatiotemporal image filters on the focal plane},
  author={Gruev, Viktor and Etienne-Cummings, Ralph},
  journal={IEEE Transactions on Circuits and Systems II: Analog and Digital Signal Processing},
  volume={49},
  number={4},
  pages={233--244},
  year={2002},
  publisher={IEEE}
}

## computational imaging
@article{ng2005light,
  title={Light field photography with a hand-held plenoptic camera},
  author={Ng, Ren and Levoy, Marc and Br{\'e}dif, Mathieu and Duval, Gene and Horowitz, Mark and Hanrahan, Pat},
  journal={Computer Science Technical Report CSTR},
  volume={2},
  number={11},
  pages={1--11},
  year={2005}
}

@article{levin2007image,
  title={Image and depth from a conventional camera with a coded aperture},
  author={Levin, Anat and Fergus, Rob and Durand, Fr{\'e}do and Freeman, William T},
  journal={ACM transactions on graphics (TOG)},
  volume={26},
  number={3},
  pages={70},
  year={2007},
  publisher={ACM}
}

@article{mcguire2007optical,
  title={Optical splitting trees for high-precision monocular imaging},
  author={McGuire, Morgan and Matusik, Wojciech and Pfister, Hanspeter and Chen, Billy and Hughes, John F and Nayar, Shree K},
  journal={IEEE Computer Graphics and Applications},
  volume={27},
  number={2},
  year={2007},
  publisher={IEEE}
}

@article{o2010optical,
  title={Optical computing for fast light transport analysis.},
  author={O'Toole, Matthew and Kutulakos, Kiriakos N},
  journal={ACM Trans. Graph.},
  volume={29},
  number={6},
  pages={164--1},
  year={2010}
}

@inproceedings{chang2016variable,
  title={Variable aperture light field photography: overcoming the diffraction-limited spatio-angular resolution tradeoff},
  author={Chang, Julie and Kauvar, Isaac and Hu, Xuemei and Wetzstein, Gordon},
  booktitle={Computer Vision and Pattern Recognition (CVPR), 2016 IEEE Conference on},
  pages={3737--3745},
  year={2016},
  organization={IEEE}
}

## ONNS
@article{farhat1985optical,
  title={Optical implementation of the Hopfield model},
  author={Farhat, Nabil H and Psaltis, Demetri and Prata, Aluizio and Paek, Eung},
  journal={Applied optics},
  volume={24},
  number={10},
  pages={1469--1475},
  year={1985},
  publisher={Optical Society of America}
}

@article{psaltis1985optical,
  title={Optical information processing based on an associative-memory model of neural nets with thresholding and feedback},
  author={Psaltis, Demetri and Farhat, Nabil},
  journal={Optics Letters},
  volume={10},
  number={2},
  pages={98--100},
  year={1985},
  publisher={Optical Society of America}
}

@article{lu1989two,
  title={Two-dimensional programmable optical neural network},
  author={Lu, Taiwei and Wu, Shudong and Xu, Xin and Francis, TS},
  journal={Applied optics},
  volume={28},
  number={22},
  pages={4908--4913},
  year={1989},
  publisher={Optical Society of America}
}

@article{psaltis1988adaptive,
  title={Adaptive optical networks using photorefractive crystals},
  author={Psaltis, Demetri and Brady, David and Wagner, Kelvin},
  journal={Applied Optics},
  volume={27},
  number={9},
  pages={1752--1759},
  year={1988},
  publisher={Optical Society of America}
}

@article{javidi1995optical,
  title={Optical implementation of neural networks for face recognition by the use of nonlinear joint transform correlators},
  author={Javidi, Bahram and Li, Jian and Tang, Qing},
  journal={Applied optics},
  volume={34},
  number={20},
  pages={3950--3962},
  year={1995},
  publisher={Optical Society of America}
}

@article{kuratomi1993optical,
  title={Optical neural network using vector-feature extraction},
  author={Kuratomi, Yasunori and Takimoto, Akio and Akiyama, Koji and Ogawa, Hisahito},
  journal={Applied optics},
  volume={32},
  number={29},
  pages={5750--5758},
  year={1993},
  publisher={Optical Society of America}
}

@book{denz2013optical,
  title={Optical neural networks},
  author={Denz, Cornelia},
  year={2013},
  publisher={Springer Science \& Business Media}
}

@article{bueno2017reinforcement,
  title={Reinforcement Learning in a large scale photonic Recurrent Neural Network},
  author={Bueno, Julian and Maktoobi, Sheler and Froehly, Luc and Fischer, Ingo and Jacquot, Maxime and Larger, Laurent and Brunner, Daniel},
  journal={arXiv preprint arXiv:1711.05133},
  year={2017}
}

  @inproceedings{chen2016asp,
  title={ASP vision: Optically computing the first layer of convolutional neural networks using angle sensitive pixels},
  author={Chen, Huaijin G and Jayasuriya, Suren and Yang, Jiyue and Stephen, Judy and Sivaramakrishnan, Sriram and Veeraraghavan, Ashok and Molnar, Alyosha},
  booktitle={Proceedings of the IEEE Conference on Computer Vision and Pattern Recognition},
  pages={903--912},
  year={2016}
}

@inproceedings{shen2017deep,
  title={Deep learning with coherent nanophotonic circuits},
  author={Shen, Yichen and Harris, Nicholas C and Skirlo, Scott and Englund, Dirk and Solja{\v{c}}i{\'c}, Marin},
  booktitle={Photonics Society Summer Topical Meeting Series (SUM), 2017 IEEE},
  pages={189--190},
  year={2017},
  organization={IEEE}
}


## nonlinearities

@inproceedings{he2015delving,
  title={Delving deep into rectifiers: Surpassing human-level performance on imagenet classification},
  author={He, Kaiming and Zhang, Xiangyu and Ren, Shaoqing and Sun, Jian},
  booktitle={Proceedings of the IEEE international conference on computer vision},
  pages={1026--1034},
  year={2015}
}

@article{ramachandran2017searching,
  title={Searching for activation functions},
  author={Ramachandran, Prajit and Zoph, Barret and Le, Quoc},
  year={2017}
}

